@misc{site1,
   author = BoardGameGeeks,
   title =  {Morelli},
   year = {2011},
   howpublished = {http://www.fe.up.pt},
   note = {Online em 2015}
}




% ver formatacoes em http://en.wikibooks.org/wiki/LaTeX/Bibliography_Management ou http://en.wikipedia.org/wiki/BibTeX ou noutro site